<?xml version="1.0" encoding="UTF-8"?><collection xmlns="http://www.loc.gov/MARC21/slim"><record><leader>00404nam--2200133-i-4500</leader><controlfield tag="001">000036365</controlfield><controlfield tag="002">20161230</controlfield><controlfield tag="005">20161230201040</controlfield><controlfield tag="008">060222s1000------------r-----000-0-eng-d</controlfield><datafield ind1=" " ind2=" " tag="080"><subfield code="a">621.375.826(043)</subfield></datafield><datafield ind1=" " ind2=" " tag="100"><subfield code="a">Piuzzi, Francois</subfield></datafield><datafield ind1=" " ind2=" " tag="245"><subfield code="a">Miss au point d`un laser a onde progressive a hydrogene et application a la photoionisation. these</subfield></datafield><datafield ind1=" " ind2=" " tag="260"><subfield code="a">Orsay, Univ.De Paris-sud, 1976, 79p</subfield></datafield><datafield ind1=" " ind2=" " tag="852"><subfield code="a">46416</subfield></datafield></record></collection>